@inproceedings{DBLP:conf/stacs/AlekseevGH25,
  author       = {Yaroslav Alekseev and
                  Dima Grigoriev and
                  Edward A. Hirsch},
  editor       = {Olaf Beyersdorff and
                  Michal Pilipczuk and
                  Elaine Pimentel and
                  Kim Thang Nguyen},
  title        = {Tropical Proof Systems: Between {R(CP)} and Resolution},
  booktitle    = {42nd International Symposium on Theoretical Aspects of Computer Science,
                  {STACS} 2025, March 4-7, 2025, Jena, Germany},
  series       = {LIPIcs},
  volume       = {327},
  pages        = {8:1--8:20},
  publisher    = {Schloss Dagstuhl - Leibniz-Zentrum f{\"{u}}r Informatik},
  year         = {2025},
  url          = {https://doi.org/10.4230/LIPIcs.STACS.2025.8},
  doi          = {10.4230/LIPICS.STACS.2025.8},
  timestamp    = {Tue, 25 Feb 2025 17:10:40 +0100},
  biburl       = {https://dblp.org/rec/conf/stacs/AlekseevGH25.bib},
  bibsource    = {dblp computer science bibliography, https://dblp.org}
}

@article{DBLP:journals/apal/AlekseevH25,
  author       = {Yaroslav Alekseev and
                  Edward A. Hirsch},
  title        = {The power of the Binary Value Principle},
  journal      = {Ann. Pure Appl. Log.},
  volume       = {176},
  number       = {9},
  pages        = {103614},
  year         = {2025},
  url          = {https://doi.org/10.1016/j.apal.2025.103614},
  doi          = {10.1016/J.APAL.2025.103614},
  timestamp    = {Wed, 18 Jun 2025 09:02:33 +0200},
  biburl       = {https://dblp.org/rec/journals/apal/AlekseevH25.bib},
  bibsource    = {dblp computer science bibliography, https://dblp.org}
}

@article{doi:10.1137/20M1374523,
author = {Alekseev, Yaroslav and Grigoriev, Dima and Hirsch, Edward A. and Tzameret, Iddo},
title = {Semialgebraic Proofs, IPS Lower Bounds, and the $\tau$-Conjecture: Can a Natural Number be Negative?},
journal = {SIAM Journal on Computing},
volume = {53},
number = {3},
pages = {648-700},
year = {2024},
doi = {10.1137/20M1374523},
URL = { 
        https://doi.org/10.1137/20M1374523
},
eprint = { 
        https://doi.org/10.1137/20M1374523
}
,
}

@InProceedings{Hitting-ITCS,
  author =	{Filmus, Yuval and Hirsch, Edward A. and Riazanov, Artur and Smal, Alexander and Vinyals, Marc},
  title =	{{Proving Unsatisfiability with Hitting Formulas}},
  booktitle =	{15th Innovations in Theoretical Computer Science Conference (ITCS 2024)},
  pages =	{48:1--48:20},
  series =	{Leibniz International Proceedings in Informatics (LIPIcs)},
  ISBN =	{978-3-95977-309-6},
  ISSN =	{1868-8969},
  year =	{2024},
  volume =	{287},
  editor =	{Guruswami, Venkatesan},
  publisher =	{Schloss Dagstuhl -- Leibniz-Zentrum f{\"u}r Informatik},
  address =	{Dagstuhl, Germany},
  URL =		{https://drops.dagstuhl.de/entities/document/10.4230/LIPIcs.ITCS.2024.48},
  URN =		{urn:nbn:de:0030-drops-195762},
  doi =		{10.4230/LIPIcs.ITCS.2024.48},
  annote =	{Keywords: hitting formulas, polynomial identity testing, query complexity}
}

@article {MR4638712,
    AUTHOR = {Filmus, Yuval and Hirsch, Edward A. and Kurz, Sascha and
              Ihringer, Ferdinand and Riazanov, Artur and Smal, Alexander V.
              and Vinyals, Marc},
     TITLE = {Irreducible subcube partitions},
   JOURNAL = {Electron. J. Combin.},
  FJOURNAL = {Electronic Journal of Combinatorics},
    VOLUME = {30},
      YEAR = {2023},
    NUMBER = {3},
     PAGES = {Paper No. 3.29, 51},
      ISSN = {1077-8926},
   MRCLASS = {05D05 (51E23)},
  MRNUMBER = {4638712},
       DOI = {10.37236/11862},
       URL = {https://doi.org/10.37236/11862},
}


@article {MR3807774,
    AUTHOR = {Golovnev, Alexander and Hirsch, Edward A. and Knop, Alexander
              and Kulikov, Alexander S.},
     TITLE = {On the limits of gate elimination},
   JOURNAL = {J. Comput. System Sci.},
  FJOURNAL = {Journal of Computer and System Sciences},
    VOLUME = {96},
      YEAR = {2018},
     PAGES = {107--119},
      ISSN = {0022-0000},
   MRCLASS = {68Q17 (94D05)},
  MRNUMBER = {3807774},
       DOI = {10.1016/j.jcss.2018.04.005},
}
		
		

@article {MR4678845,
    AUTHOR = {Find, Magnus Gausdal and Golovnev, Alexander and Hirsch,
              Edward A. and Kulikov, Alexander S.},
     TITLE = {Improving {$3N$} circuit complexity lower bounds},
   JOURNAL = {Comput. Complexity},
  FJOURNAL = {Computational Complexity},
    VOLUME = {32},
      YEAR = {2023},
    NUMBER = {2},
     PAGES = {Paper No. 13, 82},
      ISSN = {1016-3328,1420-8954},
   MRCLASS = {68Q06},
  MRNUMBER = {4678845},
       DOI = {10.1007/s00037-023-00246-9},
       URL = {https://doi.org/10.1007/s00037-023-00246-9},
}
		
		
@article {MR3350250,
    AUTHOR = {Hirsch, Edward A. and Sokolov, Dmitry},
     TITLE = {On the probabilistic closure of the loose unambiguous
              hierarchy},
   JOURNAL = {Inform. Process. Lett.},
  FJOURNAL = {Information Processing Letters},
    VOLUME = {115},
      YEAR = {2015},
    NUMBER = {9},
     PAGES = {725--730},
      ISSN = {0020-0190},
   MRCLASS = {68Q25},
  MRNUMBER = {3350250},
       DOI = {10.1016/j.ipl.2015.04.010},
}
		
		
		
@article {MR2944999,
    AUTHOR = {Hirsch, E. A. and Melanich, O. and Nikolenko, S. I.},
     TITLE = {Feebly secure cryptographic primitives},
   JOURNAL = {Zap. Nauchn. Sem. S.-Peterburg. Otdel. Mat. Inst. Steklov.
              (POMI)},
  FJOURNAL = {Rossi\u{\i}skaya Akademiya Nauk. Sankt-Peterburgskoe Otdelenie.
              Matematicheski\u{\i} Institut im. V. A. Steklova. Zapiski Nauchnykh
              Seminarov (POMI)},
    VOLUME = {399},
      YEAR = {2012},
    NUMBER = {Voprosy Slozhnosti Vychisleni\u{\i}. X},
     PAGES = {32--64, 128--129},
      ISSN = {0373-2703},
   MRCLASS = {94A60},
  MRNUMBER = {2944999},
       DOI = {10.1007/s10958-012-1103-x},
}
		
@article {MR2944998,
    AUTHOR = {Hirsch, E. A. and Itsykson, D. M. and Nikolaenko, V. O. and
              Smal, A. V.},
     TITLE = {Optimal heuristic algorithms for the image of an injective
              function},
   JOURNAL = {Zap. Nauchn. Sem. S.-Peterburg. Otdel. Mat. Inst. Steklov.
              (POMI)},
  FJOURNAL = {Rossi\u{\i}skaya Akademiya Nauk. Sankt-Peterburgskoe Otdelenie.
              Matematicheski\u{\i} Institut im. V. A. Steklova. Zapiski Nauchnykh
              Seminarov (POMI)},
    VOLUME = {399},
      YEAR = {2012},
    NUMBER = {Voprosy Slozhnosti Vychisleni\u{\i}. X},
     PAGES = {15--31, 128},
      ISSN = {0373-2703},
   MRCLASS = {68Q25 (68W20)},
  MRNUMBER = {2944998},
       DOI = {10.1007/s10958-012-1102-y},
}
		
@article {MR2922696,
    AUTHOR = {Hirsch, Edward A. and Itsykson, Dmitry and Monakhov, Ivan and
              Smal, Alexander},
     TITLE = {On optimal heuristic randomized semidecision procedures, with
              applications to proof complexity and cryptography},
   JOURNAL = {Theory Comput. Syst.},
  FJOURNAL = {Theory of Computing Systems},
    VOLUME = {51},
      YEAR = {2012},
    NUMBER = {2},
     PAGES = {179--195},
      ISSN = {1432-4350},
   MRCLASS = {03F20 (03D15 68P25 68Q15 94A60)},
  MRNUMBER = {2922696},
MRREVIEWER = {Olaf Beyersdorff},
       DOI = {10.1007/s00224-011-9354-3},
}
		
@article {MR2876216,
    AUTHOR = {Hirsch, Edward A. and Itsykson, Dmitry},
     TITLE = {On an optimal randomized acceptor for graph nonisomorphism},
   JOURNAL = {Inform. Process. Lett.},
  FJOURNAL = {Information Processing Letters},
    VOLUME = {112},
      YEAR = {2012},
    NUMBER = {5},
     PAGES = {166--171},
      ISSN = {0020-0190},
   MRCLASS = {68Q25 (05C60 05C85 68W20)},
  MRNUMBER = {2876216},
       DOI = {10.1016/j.ipl.2011.11.013},
}
		
@inproceedings {MR2826336,
    AUTHOR = {Dantsin, Evgeny and Hirsch, Edward A.},
     TITLE = {Satisfiability certificates verifiable in subexponential time},
 BOOKTITLE = {Theory and application of satisfiability testing---{SAT} 2011},
    SERIES = {Lecture Notes in Comput. Sci.},
    VOLUME = {6695},
     PAGES = {19--32},
 PUBLISHER = {Springer, Heidelberg},
      YEAR = {2011},
   MRCLASS = {68Q25 (68T20)},
  MRNUMBER = {2826336},
       DOI = {10.1007/978-3-642-21581-0\_4},
}
		
		
@inproceedings {MR2755332,
    AUTHOR = {Hirsch, Edward A.},
     TITLE = {Optimal acceptors and optimal proof systems},
 BOOKTITLE = {Theory and applications of models of computation (TAMC-2010)},
    SERIES = {Lecture Notes in Comput. Sci.},
    VOLUME = {6108},
     PAGES = {28--39},
 PUBLISHER = {Springer, Berlin},
      YEAR = {2010},
   MRCLASS = {03F20},
  MRNUMBER = {2755332},
       DOI = {10.1007/978-3-642-13562-0\_4},
}
		
@article {MR2588765,
    AUTHOR = {E. A. Hirsch and D. M. Itsykson},
     TITLE = {An infinitely-often one-way function based on an average-case assumption},
   JOURNAL = {St.Petersburg Mathematical Journal},
  FJOURNAL = {Rossi\u{\i}skaya Akademiya Nauk. Algebra i Analiz},
    VOLUME = {21},
      YEAR = {2010},
    NUMBER = {3},
     PAGES = {459--468},
      ISSN = {0234-0852},
   MRCLASS = {68Q15 (03D32 68Q17 94A60)},
  MRNUMBER = {2588765},
MRREVIEWER = {Antonina Kolokolova},
       DOI = {10.1090/S1061-0022-10-01103-9},
}
		
@article {MR2569109,
    AUTHOR = {Hirsch, Edward A. and Kojevnikov, Arist and Kulikov, Alexander
              S. and Nikolenko, Sergey I.},
     TITLE = {Complexity of semialgebraic proofs with restricted degree of
              falsity},
   JOURNAL = {J. Satisf. Boolean Model. Comput.},
  FJOURNAL = {Journal on Satisfiability, Boolean Modeling and Computation},
    VOLUME = {6},
      YEAR = {2010},
    NUMBER = {1-3},
     PAGES = {53--69},
      ISSN = {1574-0617},
   MRCLASS = {03F20 (03B35)},
  MRNUMBER = {2569109},
MRREVIEWER = {Olaf Beyersdorff},
}
		
@article {MR2760389,
    AUTHOR = {Grigoriev, D. Y. and Hirsch, E. A. and Pervyshev, K. V.},
     TITLE = {Time hierarchies for cryptographic function inversion with
              nonuniform advice},
   JOURNAL = {Zap. Nauchn. Sem. S.-Peterburg. Otdel. Mat. Inst. Steklov.
              (POMI)},
  FJOURNAL = {Rossi\u{\i}skaya Akademiya Nauk. Sankt-Peterburgskoe Otdelenie.
              Matematicheski\u{\i} Institut im. V. A. Steklova. Zapiski Nauchnykh
              Seminarov (POMI)},
    VOLUME = {358},
      YEAR = {2008},
    NUMBER = {Issledovaniya po Konstruktivnoo\u{\i} Matematike i Matematichesko\u{\i}
              Logike. XI},
     PAGES = {54--76, 302},
      ISSN = {0373-2703},
   MRCLASS = {94A60 (68Q15)},
  MRNUMBER = {2760389},
MRREVIEWER = {Todor Jordanov Todorov},
       DOI = {10.1007/s10958-009-9403-5},
}
		
@article {MR2502933,
    AUTHOR = {Grigoriev, Dima and Hirsch, Edward A. and Pervyshev,
              Konstantin},
     TITLE = {A complete public-key cryptosystem},
   JOURNAL = {Groups Complex. Cryptol.},
  FJOURNAL = {Groups. Complexity. Cryptology},
    VOLUME = {1},
      YEAR = {2009},
    NUMBER = {1},
     PAGES = {1--12},
      ISSN = {1867-1144},
   MRCLASS = {94A60 (94A62)},
  MRNUMBER = {2502933},
MRREVIEWER = {Durairaj Gnanaraj Thomas},
       DOI = {10.1515/GCC.2009.1},
}


@incollection{DBLP:series/faia/DantsinH09,
  author    = {Evgeny Dantsin and
               Edward A. Hirsch},
  editor    = {Armin Biere and
               Marijn Heule and
               Hans van Maaren and
               Toby Walsh},
  title     = {Worst-Case Upper Bounds},
  booktitle = {Handbook of Satisfiability},
  series    = {Frontiers in Artificial Intelligence and Applications},
  volume    = {185},
  pages     = {403--424},
  publisher = {{IOS} Press},
  year      = {2009},
  url       = {https://doi.org/10.3233/978-1-58603-929-5-403},
  doi       = {10.3233/978-1-58603-929-5-403},
  timestamp = {Tue, 16 May 2017 14:24:21 +0200},
  biburl    = {https://dblp.org/rec/series/faia/DantsinH09.bib},
  bibsource = {dblp computer science bibliography, https://dblp.org}
}

		

@inproceedings {MR2263139,
    AUTHOR = {Dantsin, Evgeny and Hirsch, Edward A. and Wolpert, Alexander},
     TITLE = {Clause shortening combined with pruning yields a new upper
              bound for deterministic {SAT} algorithms},
 BOOKTITLE = {Algorithms and complexity (CIAC-2006)},
    SERIES = {Lecture Notes in Comput. Sci.},
    VOLUME = {3998},
     PAGES = {60--68},
 PUBLISHER = {Springer, Berlin},
      YEAR = {2006},
   MRCLASS = {68Q25 (68W40)},
  MRNUMBER = {2263139},
       DOI = {10.1007/11758471\_9},
}
		
@article {MR2234706,
    AUTHOR = {Hirsch, Edward A. and Kojevnikov, Arist},
     TITLE = {Several notes on the power of {G}omory-{C}hv\'{a}tal cuts},
   JOURNAL = {Ann. Pure Appl. Logic},
  FJOURNAL = {Annals of Pure and Applied Logic},
    VOLUME = {141},
      YEAR = {2006},
    NUMBER = {3},
     PAGES = {429--436},
      ISSN = {0168-0072},
   MRCLASS = {03F20 (90C10 90C60)},
  MRNUMBER = {2234706},
       DOI = {10.1016/j.apal.2005.12.006},
}


@article{DBLP:journals/amai/SimonBH05,
  author    = {Laurent Simon and
               Daniel Le Berre and
               Edward A. Hirsch},
  title     = {The {SAT2002} competition},
  journal   = {Ann. Math. Artif. Intell.},
  volume    = {43},
  number    = {1},
  pages     = {307--342},
  year      = {2005},
  url       = {https://doi.org/10.1007/s10472-005-0424-6},
  doi       = {10.1007/s10472-005-0424-6},
  timestamp = {Sun, 28 May 2017 13:20:59 +0200},
  biburl    = {https://dblp.org/rec/journals/amai/SimonBH05.bib},
  bibsource = {dblp computer science bibliography, https://dblp.org}
}
		
@article {MR2270349,
    AUTHOR = {Alekhnovich, Michael and Hirsch, Edward A. and Itsykson,
              Dmitry},
     TITLE = {Exponential lower bounds for the running time of {DPLL}
              algorithms on satisfiable formulas},
   JOURNAL = {J. Automat. Reason.},
  FJOURNAL = {Journal of Automated Reasoning},
    VOLUME = {35},
      YEAR = {2005},
    NUMBER = {1-3},
     PAGES = {51--72},
      ISSN = {0168-7433},
   MRCLASS = {68Q17 (03B35 68Q25 68R10 68T20)},
  MRNUMBER = {2270349},
MRREVIEWER = {Steffen Reith},
       DOI = {10.1007/s10817-005-9006-x},
}
		
		
@article {MR2123479,
    AUTHOR = {Hirsch, Edward A. and Kojevnikov, Arist},
     TITLE = {Unit{W}alk: a new {SAT} solver that uses local search guided
              by unit clause elimination},
   JOURNAL = {Ann. Math. Artif. Intell.},
  FJOURNAL = {Annals of Mathematics and Artificial Intelligence},
    VOLUME = {43},
      YEAR = {2005},
    NUMBER = {1-4},
     PAGES = {91--111},
      ISSN = {1012-2443},
   MRCLASS = {68W20 (68T20 90C10)},
  MRNUMBER = {2123479},
       DOI = {10.1007/s10472-005-0421-9},
}
%%      NOTE = {Theory and applications of satisfiability testing},
		
		
@inproceedings {MR2093953,
    AUTHOR = {Dantsin, Evgeny and Hirsch, Edward A. and Wolpert, Alexander},
     TITLE = {Algorithms for {SAT} based on search in {H}amming balls},
 BOOKTITLE = {S{TACS} 2004},
    SERIES = {Lecture Notes in Comput. Sci.},
    VOLUME = {2996},
     PAGES = {141--151},
 PUBLISHER = {Springer, Berlin},
      YEAR = {2004},
   MRCLASS = {68Q25 (68W20)},
  MRNUMBER = {2093953},
       DOI = {10.1007/978-3-540-24749-4\_13},
}
		
@article {MR2014657,
    AUTHOR = {Hirsch, Edward A.},
     TITLE = {Worst-case study of local search for {MAX}-{$k$}-{SAT}},
   JOURNAL = {Discrete Appl. Math.},
  FJOURNAL = {Discrete Applied Mathematics. The Journal of Combinatorial
              Algorithms, Informatics and Computational Sciences},
    VOLUME = {130},
      YEAR = {2003},
    NUMBER = {2},
     PAGES = {173--184},
      ISSN = {0166-218X},
   MRCLASS = {68W20 (68Q25 68W25)},
  MRNUMBER = {2014657},
       DOI = {10.1016/S0166-218X(02)00404-3},
}
%%      NOTE = {The Renesse issue on satisfiability (2000)},
		
@article {MR2014655,
    AUTHOR = {Gramm, Jens and Hirsch, Edward A. and Niedermeier, Rolf and
              Rossmanith, Peter},
     TITLE = {Worst-case upper bounds for {MAX}-2-{SAT} with an application
              to {MAX}-{CUT}},
   JOURNAL = {Discrete Appl. Math.},
  FJOURNAL = {Discrete Applied Mathematics. The Journal of Combinatorial
              Algorithms, Informatics and Computational Sciences},
    VOLUME = {130},
      YEAR = {2003},
    NUMBER = {2},
     PAGES = {139--155},
      ISSN = {0166-218X},
   MRCLASS = {68Q25 (68W25)},
  MRNUMBER = {2014655},
       DOI = {10.1016/S0166-218X(02)00402-X},
}
%%      NOTE = {The Renesse issue on satisfiability (2000)},
		
@article {MR1990743,
    AUTHOR = {Grigoriev, Dima and Hirsch, Edward A.},
     TITLE = {Algebraic proof systems over formulas},
   JOURNAL = {Theoret. Comput. Sci.},
  FJOURNAL = {Theoretical Computer Science},
    VOLUME = {303},
      YEAR = {2003},
    NUMBER = {1},
     PAGES = {83--102},
      ISSN = {0304-3975},
   MRCLASS = {68Q15 (03B35 03D15 03F20)},
  MRNUMBER = {1990743},
MRREVIEWER = {S\o ren M. Riis},
       DOI = {10.1016/S0304-3975(02)00446-2},
}
%%      NOTE = {Logic and complexity in computer science (Cr\'{e}teil, 2001)},
		
@article {MR1865895,
    AUTHOR = {Dantsin, E. Y. and
              Hirsch, E. A. and 
              Ivanov, S. V. and
              Vsemirnov, M. A.}, 
     TITLE = {Propositional satisfiability algorithms and upper bounds for
              their complexity},
   JOURNAL = {Zap. Nauchn. Sem. S.-Peterburg. Otdel. Mat. Inst. Steklov.
              (POMI)},
  FJOURNAL = {Rossi\u{\i}skaya Akademiya Nauk. Sankt-Peterburgskoe Otdelenie.
              Matematicheski\u{\i} Institut im. V. A. Steklova. Zapiski Nauchnykh
              Seminarov (POMI)},
    VOLUME = {277},
      YEAR = {2001},
    NUMBER = {Teor. Slozhn. Vychisl. 6},
     PAGES = {14--46, 117},
      ISSN = {0373-2703},
   MRCLASS = {68Q25 (03B35 68Q15)},
  MRNUMBER = {1865895},
MRREVIEWER = {M. I. Dekhtyar},
       DOI = {10.1023/A:1025645221773},
}
		
		
		
@article {MR1986085,
    AUTHOR = {Grigoriev, Dima and Hirsch, Edward A. and Pasechnik, Dmitrii
              V.},
     TITLE = {Complexity of semialgebraic proofs},
   JOURNAL = {Mosc. Math. J.},
  FJOURNAL = {Moscow Mathematical Journal},
    VOLUME = {2},
      YEAR = {2002},
    NUMBER = {4},
     PAGES = {647--679},
      ISSN = {1609-3321},
   MRCLASS = {03F20 (68Q17)},
  MRNUMBER = {1986085},
MRREVIEWER = {Jan Kraj\'{\i}\v{c}ek},
       DOI = {10.17323/1609-4514-2002-2-4-647-679},
}
%%, 805},
%%      NOTE = {Dedicated to Yuri I. Manin on the occasion of his 65th
%%              birthday},
		
@article {MR1932890,
    AUTHOR = {Dantsin, Evgeny and Goerdt, Andreas and Hirsch, Edward A. and
              Kannan, Ravi and Kleinberg, Jon and Papadimitriou, Christos
              and Raghavan, Prabhakar and Sch\"{o}ning, Uwe},
     TITLE = {A deterministic {$(2-2/(k+1))^n$} algorithm for {$k$}-{SAT}
              based on local search},
   JOURNAL = {Theoret. Comput. Sci.},
  FJOURNAL = {Theoretical Computer Science},
    VOLUME = {289},
      YEAR = {2002},
    NUMBER = {1},
     PAGES = {69--83},
      ISSN = {0304-3975},
   MRCLASS = {68Q25},
  MRNUMBER = {1932890},
       DOI = {10.1016/S0304-3975(01)00174-8},
}
		
@article {MR1875737,
    AUTHOR = {Dantsin, Evgeny and Gavrilovich, Michael and Hirsch, Edward A.
              and Konev, Boris},
     TITLE = {M{AX} {SAT} approximation beyond the limits of polynomial-time
              approximation},
   JOURNAL = {Ann. Pure Appl. Logic},
  FJOURNAL = {Annals of Pure and Applied Logic},
    VOLUME = {113},
      YEAR = {2002},
    NUMBER = {1-3},
     PAGES = {81--94},
      ISSN = {0168-0072},
   MRCLASS = {68W25 (03B05 03B25 68Q25)},
  MRNUMBER = {1875737},
MRREVIEWER = {Ralf Klasing},
       DOI = {10.1016/S0168-0072(01)00052-5},
}
%%      NOTE = {First St. Petersburg Conference on Days of Logic and
%%              Computability (1999)},
		
		
		
		
@article {MR1774297,
    AUTHOR = {Hirsch, Edward A.},
     TITLE = {New worst-case upper bounds for {SAT}},
   JOURNAL = {J. Automat. Reason.},
  FJOURNAL = {Journal of Automated Reasoning},
    VOLUME = {24},
      YEAR = {2000},
    NUMBER = {4},
     PAGES = {397--420},
      ISSN = {0168-7433},
   MRCLASS = {68Q25},
  MRNUMBER = {1774297},
       DOI = {10.1023/A:1006340920104},
}
		
@article {MR1750261,
    AUTHOR = {Hirsch, Edward A.},
     TITLE = {S{AT} local search algorithms: worst-case study},
   JOURNAL = {J. Automat. Reason.},
  FJOURNAL = {Journal of Automated Reasoning},
    VOLUME = {24},
      YEAR = {2000},
    NUMBER = {1-2},
     PAGES = {127--143},
      ISSN = {0168-7433},
   MRCLASS = {68Q25 (68T20)},
  MRNUMBER = {1750261},
       DOI = {10.1023/A:1006318521185},
}

		
@article {MR1706210,
    AUTHOR = {Hirsch, E. A.},
     TITLE = {The sign separation principle for the propositional
              satisfiability problem},
   JOURNAL = {Zap. Nauchn. Sem. S.-Peterburg. Otdel. Mat. Inst. Steklov.
              (POMI)},
  FJOURNAL = {Rossi\u{\i}skaya Akademiya Nauk. Sankt-Peterburgskoe Otdelenie.
              Matematicheski\u{\i} Institut im. V. A. Steklova. Zapiski Nauchnykh
              Seminarov (POMI)},
    VOLUME = {241},
      YEAR = {1997},
    NUMBER = {Issled. po Konstr. Mat. i Mat. Log. X},
     PAGES = {30--71, 150},
      ISSN = {0373-2703},
   MRCLASS = {68Q25},
  MRNUMBER = {1706210},
       DOI = {10.1007/BF02362266},
}
		
		
		
@article {MR1600436,
    AUTHOR = {Hirsch, Edward A.},
     TITLE = {A fast deterministic algorithm for formulas that have many
              satisfying assignments},
   JOURNAL = {Log. J. IGPL},
  FJOURNAL = {Logic Journal of the IGPL. Interest Group in Pure and Applied
              Logics},
    VOLUME = {6},
      YEAR = {1998},
    NUMBER = {1},
     PAGES = {59--71},
      ISSN = {1367-0751},
   MRCLASS = {03B05 (03D15 68Q25)},
  MRNUMBER = {1600436},
MRREVIEWER = {M. Tetruashvili},
       DOI = {10.1093/jigpal/6.1.59},
}
		
@article {MR1374316,
    AUTHOR = {Hirsch, E. A.},
     TITLE = {On a construction of a symbolic realization of hyperbolic
              automorphisms of a torus},
   JOURNAL = {Zap. Nauchn. Sem. S.-Peterburg. Otdel. Mat. Inst. Steklov.
              (POMI)},
  FJOURNAL = {Rossi\u{\i}skaya Akademiya Nauk. Sankt-Peterburgskoe Otdelenie.
              Matematicheski\u{\i} Institut im. V. A. Steklova. Zapiski Nauchnykh
              Seminarov (POMI)},
    VOLUME = {223},
      YEAR = {1995},
    NUMBER = {Teor. Predstav. Din. Sistemy, Kombin. i Algoritm. Metody. I},
     PAGES = {137--139, 338--339},
      ISSN = {0373-2703},
   MRCLASS = {58F15},
  MRNUMBER = {1374316},
MRREVIEWER = {Andr\'{a}s Kr\'{a}mli},
       DOI = {10.1007/BF02355801},
}
	
	




@Incollection{Hirsch2016,
author="Hirsch, Edward A.",
title="Exact Algorithms for General {CNF} {SAT}",
editor="Kao, Ming-Yang",
booktitle="Encyclopedia of Algorithms",
year="2016",
publisher="Springer New York",
address="New York, NY",
isbn="978-1-4939-2864-4",
pages="670--674",
doi="10.1007/978-1-4939-2864-4_133",
url="https://doi.org/10.1007/978-1-4939-2864-4_133",
}


